@article{ozan2018,
  author    = {Sukru Ozan},
  title     = {A Case Study on Customer Segmentation by using Machine Learning Methods},
  journal   = {IEEE},
  year      = {2018},
}

@article{tikmani2015,
  author    = {Jayant Tikmani and Sudhanshu Tiwari and Sujata Khedkar},
  title     = {Telecom customer segmentation based on cluster analysis An Approach to Customer Classification using k-means},
  journal   = {IJIRCCE},
  year      = {2015},
}

@article{ezenkwu2015,
  author    = {Chinedu Pascal Ezenkwu and Simeon Ozuomba and Constance Kalu},
  title     = {Application of K-Means Algorithm for Efficient Customer Segmentation: A Strategy for Targeted Customer Services},
  journal   = {IJARAI},
  year      = {2015},
}

@article{potharaju2019,
  author    = {S. P. Potharaju and M. Sreedevi and V. K. Ande and R. K. Tirandasu},
  title     = {Data mining approach for accelerating the classification accuracy of cardiotocography},
  journal   = {Clinical Epidemiology and Global Health},
  volume    = {7},
  number    = {2},
  pages     = {160-164},
  year      = {2019},
}

@article{rani2013,
  author    = {Yogita Rani and Harish Rohil},
  title     = {A Study of Hierarchical Clustering Algorithm},
  journal   = {IJICT},
  year      = {2013},
}

@article{kettani2014,
  author    = {Omar Kettani and Faycal Ramdani and Benaissa Tadili},
  title     = {An Agglomerative Clustering Method for Large Data Sets},
  journal   = {IJCA},
  year      = {2014},
}

@article{snekha2013,
  author    = {Snekha and Chetna Sachdeva and Rajesh Birok},
  title     = {Real Time Object Tracking Using Different Mean Shift Techniques--a Review},
  journal   = {IJSCE},
  year      = {2013},
}

@inproceedings{potharaju2019ensemble,
  author    = {S. P. Potharaju and M. Sreedevi and S. S. Amiripalli},
  title     = {An Ensemble Feature Selection Framework of Sonar Targets Using Symmetrical Uncertainty and Multi-Layer Perceptron (SUMLP)},
  booktitle = {Cognitive Informatics and Soft Computing},
  pages     = {247-256},
  publisher = {Springer, Singapore},
  year      = {2019},
}

@article{choudhury2015,
  author    = {Tanupriya Choudhury and Vivek Kumar and Darshika Nigam},
  title     = {Intelligent Classification and Clustering Of Lung and Oral Cancer through Decision Tree and Genetic Algorithm},
  journal   = {International Journal of Advanced Research in Computer Science and Software Engineering},
  year      = {2015},
}

@article{choudhury2015automatic,
  author    = {Tanupriya Choudhury and Vivek Kumar and Darshika Nigam},
  title     = {An Innovative and Automatic Lung and Oral Cancer Classification Using Soft Computing Techniques},
  journal   = {International Journal of Computer Science and Mobile Computing},
  year      = {2015},
}

@article{mehta2017refinement,
  author    = {H. Mehta and V.S. Dixit and P. Bedi},
  title     = {Refinement of recommendations based on user preferences},
  year      = {2017},
}

@article{mehta2017collaborative,
  author    = {H. Mehta and S.K. Bhatia and V.S. Dixit and P. Bedi},
  title     = {Collaborative personalized web recommender system using entropy-based similarity measure},
  year      = {2017},
}

@inproceedings{rivedi2010webpage,
  author    = {A. Rivedi and P. Rai and S. L. DuVall and H. Daume III},
  title     = {Exploiting tag and word correlations for improved webpage clustering},
  booktitle = {Proceedings of the 2nd international workshop on Search and mining user-generated contents},
  pages     = {3-12},
  publisher = {ACM},
  year      = {2010},
}

@article{potharaju2017,
  author    = {S. P. Potharaju and M. Sreedevi},
  title     = {A Novel Clustering Based Candidate Feature Selection Framework Using Correlation Coefficient for Improving Classification Performance},
  journal   = {Journal of Engineering Science \& Technology Review},
  volume    = {10},
  number    = {6},
  year      = {2017},
}

@incollection{domavicius2015context,
  author    = {G. Domavicius and A. Tuzhilin},
  title     = {Context-aware recommender systems},
  booktitle = {Recommender systems handbook},
  pages     = {191-226},
  publisher = {Springer US},
  year      = {2015},
}

@article{windler2017identifying,
  author    = {K. Windler and U. Juttner and S. Michel and S. Maklan and E. K. Macdonald},
  title     = {Identifying the right solution customers: A managerial methodology},
  journal   = {Industrial Marketing Management},
  volume    = {60},
  pages     = {173-186},
  year      = {2017},
}

@article{thakur2016cpm,
  author    = {R. Thakur and L. Workman},
  title     = {Customer portfolio management (cpm) for improved customer relationship management (crm): Are your customers platinum, gold, silver, or bronze?},
  journal   = {Journal of Business Research},
  volume    = {69},
  number    = {10},
  pages     = {4095-4102},
  year      = {2016},
}